@misc{gym,
  author = {Greg Brockman and Vicki Cheung and Ludwig Pettersson and Jonas Schneider and John Schulman and Jie Tang and Wojciech Zaremba},
  title  = {OpenAI Gym},
  year   = {2016},
  eprint = {arXiv:1606.01540}
}

@misc{pytorch_sac,
  author       = {Yarats, Denis and Kostrikov, Ilya},
  title        = {Soft Actor-Critic (SAC) implementation in PyTorch},
  year         = {2020},
  publisher    = {GitHub},
  journal      = {GitHub repository},
  howpublished = {\url{https://github.com/denisyarats/pytorch_sac}}
}

@book{latexcompanion,
  author    = {Michel Goossens and Frank Mittelbach and Alexander Samarin},
  title     = {The \LaTeX\ Companion},
  year      = {1993},
  publisher = {Addison-Wesley},
  address   = {Reading, Massachusetts}
}